<?xml version="1.0" encoding="UTF-8"?><collection xmlns="http://www.loc.gov/MARC21/slim"><record><leader>00603nam--2200181-i-4500</leader><controlfield tag="001">000048081</controlfield><controlfield tag="002">20161230</controlfield><controlfield tag="005">20161230201046</controlfield><controlfield tag="008">060222s1000------------r-----000-0-eng-d</controlfield><datafield ind1=" " ind2=" " tag="040"><subfield code="a">IFIN-HH</subfield></datafield><datafield ind1=" " ind2=" " tag="080"><subfield code="a">535.2:530.182</subfield></datafield><datafield ind1="1" ind2=" " tag="100"><subfield code="a">Akhmanov, S.A</subfield></datafield><datafield ind1="1" ind2="0" tag="245"><subfield code="a">Problems of nonlinear optics</subfield><subfield code="b">(electromagnetic wave in nonlinear dispersive media). translation by b.jacobi. translation edited by r. sen</subfield><subfield code="c">S.a akhmanov; r.v. khokhlov</subfield></datafield><datafield ind1=" " ind2=" " tag="260"><subfield code="a">PARIS</subfield><subfield code="b">Gordon And Breach Science Publishers</subfield><subfield code="c">1972</subfield></datafield><datafield ind1=" " ind2=" " tag="300"><subfield code="a">XIII+293P</subfield></datafield><datafield ind1="1" ind2=" " tag="700"><subfield code="a">Khokhlov, R.V</subfield></datafield><datafield ind1=" " ind2=" " tag="852"><subfield code="a">76293</subfield><subfield code="c">535</subfield></datafield><datafield ind1=" " ind2=" " tag="CAT"><subfield code="a">Sys</subfield><subfield code="c">20101126</subfield><subfield code="h">130339</subfield></datafield></record></collection>